<?xml version="1.0" encoding="UTF-8"?><collection xmlns="http://www.loc.gov/MARC21/slim"><record><leader>00561nam--2200181-i-4500</leader><controlfield tag="001">000024033</controlfield><controlfield tag="002">20161230</controlfield><controlfield tag="005">20161230201035</controlfield><controlfield tag="008">060222s1000------------r-----000-0-eng-d</controlfield><datafield ind1=" " ind2=" " tag="040"><subfield code="a">IFIN-HH</subfield></datafield><datafield ind1=" " ind2=" " tag="080"><subfield code="a">539.142:539.163.2</subfield></datafield><datafield ind1="1" ind2=" " tag="100"><subfield code="a">Iachello, F</subfield></datafield><datafield ind1="1" ind2="0" tag="245"><subfield code="a">Interacting bosons in nuclear physics. ettore majorana international science series. vol. 1</subfield><subfield code="c">F. iachello (ed.)</subfield></datafield><datafield ind1=" " ind2=" " tag="260"><subfield code="a">New York</subfield><subfield code="b">Plenum Press</subfield><subfield code="c">1978</subfield></datafield><datafield ind1=" " ind2=" " tag="300"><subfield code="a">IX + 192P</subfield></datafield><datafield ind1=" " ind2=" " tag="490"><subfield code="a">Ettore Majorana International Science Series, 1</subfield></datafield><datafield ind1=" " ind2=" " tag="852"><subfield code="a">48928</subfield><subfield code="c">53</subfield></datafield><datafield ind1=" " ind2=" " tag="CAT"><subfield code="a">Sys</subfield><subfield code="c">20150327</subfield><subfield code="h">130146</subfield></datafield></record></collection>